<?xml version="1.0" encoding="UTF-8"?><collection xmlns="http://www.loc.gov/MARC21/slim"><record><leader>00529nam--2200181-i-4500</leader><controlfield tag="001">000040473</controlfield><controlfield tag="002">20161230</controlfield><controlfield tag="005">20161230201042</controlfield><controlfield tag="008">060222s1000------------r-----000-0-ger-d</controlfield><datafield ind1=" " ind2=" " tag="040"><subfield code="a">IFIN-HH</subfield></datafield><datafield ind1=" " ind2=" " tag="041"><subfield code="a">ger</subfield></datafield><datafield ind1=" " ind2=" " tag="080"><subfield code="a">539.144.3(043)</subfield></datafield><datafield ind1="1" ind2=" " tag="100"><subfield code="a">Schacher,Jurg Dieter</subfield></datafield><datafield ind1="1" ind2="0" tag="245"><subfield code="a">Untersuchung der niveaudichten von cer und strontium</subfield><subfield code="b">Inaugural dissertation</subfield><subfield code="c">Jurg dieter schacher</subfield></datafield><datafield ind1=" " ind2=" " tag="260"><subfield code="a">Basel</subfield><subfield code="b">Buchdruckerei Birkhauser Ag</subfield><subfield code="c">1971</subfield></datafield><datafield ind1=" " ind2=" " tag="300"><subfield code="a">/448-501 P.</subfield></datafield><datafield ind1=" " ind2=" " tag="852"><subfield code="a">40550</subfield><subfield code="c">539.14</subfield></datafield><datafield ind1=" " ind2=" " tag="CAT"><subfield code="a">Sys</subfield><subfield code="c">20120329</subfield><subfield code="h">130451</subfield></datafield></record></collection>